@article{Doos:2007fm,
author = {D{\"o}{\"o}s, Kristofer and Engqvist, Anders},
title = {{Assessment of water exchange between a discharge region and the open sea -- A comparison of different methodological concepts}},
journal = {Estuarine, Coastal and Shelf Science},
year = {2007},
volume = {74},
number = {4},
pages = {709--721},
month = sep
}

@article{Blanke:1999hm,
author = {Blanke, Bruno and Arhan, Michel and Madec, Gurvan and Roche, Sophie},
title = {{Warm Water Paths in the Equatorial Atlantic as Diagnosed with a General Circulation Model}},
journal = {Journal of Physical Oceanography},
year = {1999},
volume = {29},
number = {11},
pages = {2753--2768},
month = nov
}

@article{Doos:1995tf,
author = {D{\"o}{\"o}s, Kristofer},
title = {{Interocean exchange of water masses}},
journal = {Journal of Geophysical Research},
year = {1995},
volume = {100},
number = {C7},
pages = {13499--13--514}
}

