@article{Hetland:2007hd,
author = {Hetland, Robert D and Campbell, Lisa},
title = {{Convergent blooms of Karenia brevis along the {T}exas coast}},
journal = {Geophysical Research Letters},
year = {2007},
volume = {34},
number = {19},
pages = {L19604},
month = oct
}

@mastersthesis{Ogle:2012ui,
author = {Ogle, Marcus Tristan},
title = {{Physical mechanisms driving harmful algal blooms along the Texas coast}},
school = {Texas A{\&}M University},
year = {2012},
month = sep
}

@article{Morey:2005um,
author = {Morey, S L and Zavala-Hidalgo, J and O'Brien, J J},
title = {{The seasonal variability of continental shelf circulation in the northern and western Gulf of Mexico from a high-resolution numerical model}},
journal = {Geophysical Monograph Series},
year = {2005},
volume = {161},
pages = {203--218}
}

@misc{ndbc,
	Howpublished = {http://www.ndbc.noaa.gov},
	author = {{NOAA}},
	Year = {2013}}

@article{Zhang:2012vk,
author = {Zhang, X and Marta-Almeida, M and Hetland, R D},
title = {{A high-resolution pre-operational forecast model of circulation on the Texas-Louisiana continental shelf and slope}},
journal = {Journal of Operational Oceanography},
year = {2012},
volume = {5},
number = {1},
pages = {19--34}
}
@article{Zhang:2012ka,
author = {Zhang, Xiaoqian and Hetland, Robert D and Marta-Almeida, Martinho and DiMarco, Steven F},
title = {{A numerical investigation of the Mississippi and Atchafalaya freshwater transport, filling and flushing times on the Texas-Louisiana Shelf}},
journal = {Journal of Geophysical Research},
year = {2012},
volume = {117},
number = {C11},
pages = {C11009},
month = nov
}

@article{Shchepetkin:2005eh,
author = {Shchepetkin, Alexander F and McWilliams, James C},
title = {{The regional oceanic modeling system (ROMS): a split-explicit, free-surface, topography-following-coordinate oceanic model}},
journal = {Ocean Modelling},
year = {2005},
volume = {9},
number = {4},
pages = {347--404},
month = jan
}

@article{Stumpf:2008gi,
author = {Stumpf, Richard P and Litaker, R Wayne and Lanerolle, Lyon and Tester, Patricia A},
title = {{Hydrodynamic accumulation of Karenia off the west coast of Florida}},
journal = {Continental Shelf Research},
year = {2008},
volume = {28},
number = {1},
pages = {189--213},
month = jan
}

@article{Vargo:2008iu,
author = {Vargo, Gabriel A and Heil, Cynthia A and Fanning, Kent A and Dixon, L Kellie and Neely, Merrie Beth and Lester, Kristen and Ault, Danylle and Murasko, Susan and Havens, Julie and Walsh, John and Bell, Steven},
title = {{Nutrient availability in support of Karenia brevis blooms on the central West Florida Shelf: What keeps Karenia blooming?}},
journal = {Continental Shelf Research},
year = {2008},
volume = {28},
number = {1},
pages = {73--98},
month = jan
}

@article{Steidinger:1998uj,
author = {Steidinger, Karen A and Vargo, Gabriel A and Tester, Patricia A and Tomas, Carmelo R},
title = {{Bloom dynamics and physiology of Gymnodinium breve with emphasis on the Gulf of Mexico}},
journal = {NATO ASI SERIES G ECOLOGICAL SCIENCES},
year = {1998},
volume = {41},
pages = {133--154}
}

@article{Steidinger:1972ue,
author = {Steidinger, Karen A and Ingle, Robert M},
title = {{Observations on the 1971 summer red tide in Tampa Bay, Florida}},
journal = {Environmental letters},
year = {1972},
volume = {3},
number = {4},
pages = {271--278}
}

@article{Campbell:2010hd,
author = {Campbell, Lisa and Olson, Robert J and Sosik, Heidi M and Abraham, Ann and Henrichs, Darren W and Hyatt, Cammie J and Buskey, Edward J},
title = {FIRST HARMFUL DINOPHYSIS (DINOPHYCEAE, DINOPHYSIALES) BLOOM IN THE {U.S.} IS REVEALED BY AUTOMATED IMAGING FLOW CYTOMETRY1},
journal = {Journal of Phycology},
year = {2010},
volume = {46},
number = {1},
pages = {66--75},
month = jan
}

@article{Janowitz:2006wb,
author = {Janowitz, Gerald S and Kamykowski, Daniel},
title = {{Modeled Karenia brevis accumulation in the vicinity of a coastal nutrient front}},
journal = {Marine Ecology Progress Series},
year = {2006},
volume = {314},
pages = {49--59}
}

